@article{knuth84,
  author = {Knuth, Donald E.},
  title = {Literate Programming},
  year = {1984},
  issue_date = {May 1984},
  publisher = {Oxford University Press, Inc.},
  address = {USA},
  volume = {27},
  number = {2},
  issn = {0010-4620},
  url = {https://doi.org/10.1093/comjnl/27.2.97},
  doi = {10.1093/comjnl/27.2.97},
  journal = {Comput. J.},
  month = may,
  pages = {97–111},
  numpages = {15}
}



@inbook{defries2013,
	title = {Remote Sensing and Image Processing},
	author = {DeFries, Ruth},
	year = {2013},
	date = {2013},
	publisher = {Elsevier},
	pages = {389--399},
	doi = {10.1016/B978-0-12-384719-5.00383-X},
	url = {https://linkinghub.elsevier.com/retrieve/pii/B978012384719500383X},
	note = {DOI: 10.1016/B978-0-12-384719-5.00383-X},
	langid = {en}
}

@article{toth2016,
	title = {Remote sensing platforms and sensors: A survey},
	author = {Toth, Charles and {Jó{\'{z}}ków}, Grzegorz},
	year = {2016},
	month = {05},
	date = {2016-05},
	journal = {ISPRS Journal of Photogrammetry and Remote Sensing},
	pages = {22--36},
	volume = {115},
	doi = {10.1016/j.isprsjprs.2015.10.004},
	url = {https://linkinghub.elsevier.com/retrieve/pii/S0924271615002270},
	langid = {en}
}

@book{kerle2004,
	title = {Principles of remote sensing: an introductory textbook},
	author = {Kerle, Norman and Janssen, Lucas and Bakker, Wim H.},
	year = {2004},
	date = {2004},
	publisher = {The International Institute for Geo-Information Science and Earth Observation (ITC)},
	edition = {3rd ed},
	note = {OCLC: 66027040},
	address = {Enschede},
	langid = {en}
}

@article{roy2017,
	title = {Satellite Remote Sensing: Sensors, Applications and Techniques},
	author = {Roy, P. S. and Behera, M. D. and Srivastav, S. K.},
	year = {2017},
	month = {12},
	date = {2017-12},
	journal = {Proceedings of the National Academy of Sciences, India Section A: Physical Sciences},
	pages = {465--472},
	volume = {87},
	number = {4},
	doi = {10.1007/s40010-017-0428-8},
	url = {http://link.springer.com/10.1007/s40010-017-0428-8},
	langid = {en}
}

@article{toth2016a,
	title = {Remote sensing platforms and sensors: A survey},
	author = {Toth, Charles and {Jó{\'{z}}ków}, Grzegorz},
	year = {2016},
	month = {05},
	date = {2016-05},
	journal = {ISPRS Journal of Photogrammetry and Remote Sensing},
	pages = {22--36},
	volume = {115},
	doi = {10.1016/j.isprsjprs.2015.10.004},
	url = {https://linkinghub.elsevier.com/retrieve/pii/S0924271615002270},
	langid = {en}
}

@article{rech2024,
	title = {Assessment of daytime and nighttime surface urban heat islands across local climate zones {\textendash} A case study in Florianópolis, Brazil},
	author = {Rech, Bruno and Moreira, Rodrigo Nehara and Mello, {Tiago Augusto Gonçalves} and {Klou{\v{c}}ek}, {Tomá{\v{s}}} and {Komárek}, Jan},
	year = {2024},
	month = {05},
	date = {2024-05},
	journal = {Urban Climate},
	pages = {101954},
	volume = {55},
	doi = {10.1016/j.uclim.2024.101954},
	url = {https://linkinghub.elsevier.com/retrieve/pii/S2212095524001500},
	langid = {en}
}

@article{hidalgogarcía2021,
	title = {Modeling of the Urban Heat Island on local climatic zones of a city using Sentinel 3 images: Urban determining factors},
	author = {{Hidalgo García}, David and {Arco Díaz}, {Julián}},
	year = {2021},
	month = {05},
	date = {2021-05},
	journal = {Urban Climate},
	pages = {100840},
	volume = {37},
	doi = {10.1016/j.uclim.2021.100840},
	url = {https://linkinghub.elsevier.com/retrieve/pii/S2212095521000705},
	langid = {en}
}

@inbook{haldar2018,
	title = {Photogeology, Remote Sensing, and Geographic Information System in Mineral Exploration},
	author = {Haldar, Swapan Kumar},
	year = {2018},
	date = {2018},
	publisher = {Elsevier},
	pages = {47--68},
	doi = {10.1016/B978-0-12-814022-2.00003-4},
	url = {https://linkinghub.elsevier.com/retrieve/pii/B9780128140222000034},
	note = {DOI: 10.1016/B978-0-12-814022-2.00003-4},
	langid = {en}
}

@article{sakti2022,
	title = {Multi-Criteria Assessment for City-Wide Rooftop Solar PV Deployment: A Case Study of Bandung, Indonesia},
	author = {Sakti, Anjar Dimara and Ihsan, Kalingga Titon Nur and Anggraini, Tania Septi and Shabrina, Zahratu and Sasongko, Nugroho Adi and Fachrizal, Reza and Aziz, Muhammad and Aryal, Jagannath and Yuliarto, Brian and Hadi, Pradita Octoviandiningrum and Wikantika, Ketut},
	year = {2022},
	month = {06},
	date = {2022-06-10},
	journal = {Remote Sensing},
	pages = {2796},
	volume = {14},
	number = {12},
	doi = {10.3390/rs14122796},
	url = {https://www.mdpi.com/2072-4292/14/12/2796},
	langid = {en}
}

@article{lodhi2024,
	title = {Harnessing rooftop solar photovoltaic potential in Islamabad, Pakistan: A remote sensing and deep learning approach},
	author = {Lodhi, Muhammad Kamran and Tan, Yumin and Wang, Xiaolu and Masum, Syed Muhammad and Nouman, Khan Muhammad and Ullah, Nasim},
	year = {2024},
	month = {09},
	date = {2024-09},
	journal = {Energy},
	pages = {132256},
	volume = {304},
	doi = {10.1016/j.energy.2024.132256},
	url = {https://linkinghub.elsevier.com/retrieve/pii/S0360544224020309},
	langid = {en}
}

@article{hoerudin2019,
	title = {IMPLEMENTATION OF ADMISSION POLICY FOR NEW STUDENTSWITH ZONATION SYSTEMS IN INDONESIA},
	author = {Hoerudin, Cecep Wahyu},
	year = {2019},
	date = {2019},
	langid = {en}
}

@article{sakti2021,
	title = {School Location Analysis by Integrating the Accessibility, Natural and Biological Hazards to Support Equal Access to Education},
	author = {Sakti, Anjar Dimara and Rahadianto, Muhammad Ario Eko and Pradhan, Biswajeet and Muhammad, Hubbi Nashrullah and Andani, I Gusti Ayu and Sarli, Prasanti Widyasih and Abdillah, Muhammad Rais and Anggraini, Tania Septi and Purnomo, Andhika Dimas and Ridwana, Riki and Yulianto, Fajar and Manessa, Masita Dwi Mandini and Fauziyyah, Afina Nur and Yayusman, Lissa Fajri and Wikantika, Ketut},
	year = {2021},
	month = {12},
	date = {2021-12-29},
	journal = {ISPRS International Journal of Geo-Information},
	pages = {12},
	volume = {11},
	number = {1},
	doi = {10.3390/ijgi11010012},
	url = {https://www.mdpi.com/2220-9964/11/1/12},
	langid = {en}
}

@article{gong2019,
	title = {40-Year (1978{\textendash}2017) human settlement changes in China reflected by impervious surfaces from satellite remote sensing},
	author = {Gong, Peng and Li, Xuecao and Zhang, Wei},
	year = {2019},
	month = {06},
	date = {2019-06},
	journal = {Science Bulletin},
	pages = {756--763},
	volume = {64},
	number = {11},
	doi = {10.1016/j.scib.2019.04.024},
	url = {https://linkinghub.elsevier.com/retrieve/pii/S2095927319302282},
	langid = {en}
}

@article{gong2020,
	title = {Annual maps of global artificial impervious area (GAIA) between 1985 and 2018},
	author = {Gong, Peng and Li, Xuecao and Wang, Jie and Bai, Yuqi and Chen, Bin and Hu, Tengyun and Liu, Xiaoping and Xu, Bing and Yang, Jun and Zhang, Wei and Zhou, Yuyu},
	year = {2020},
	month = {01},
	date = {2020-01},
	journal = {Remote Sensing of Environment},
	pages = {111510},
	volume = {236},
	doi = {10.1016/j.rse.2019.111510},
	url = {https://linkinghub.elsevier.com/retrieve/pii/S0034425719305292},
	langid = {en}
}

@article{santoso2023,
	title = {Modeling habitat suitability for endemic Grizzled leaf monkey (Presbytis comata) using geospatial machine learning approach},
	author = {Santoso, Cokro and Sakti, Anjar Dimara and Al Faruqi, Ismail and Adillah, Kurnia Putri and Mahezs, Faza Iza and Suripto, Salma Zhahira Maharani},
	year = {2023},
	month = {11},
	date = {2023-11},
	journal = {Remote Sensing Applications: Society and Environment},
	pages = {101067},
	volume = {32},
	doi = {10.1016/j.rsase.2023.101067},
	url = {https://linkinghub.elsevier.com/retrieve/pii/S2352938523001490},
	langid = {en}
}

@article{rahimianboogar2019,
	title = {Predicting Habitat Suitability and Conserving Juniperus spp. Habitat Using SVM and Maximum Entropy Machine Learning Techniques},
	author = {Rahimian Boogar, Abdolrahman and Salehi, Hassan and Pourghasemi, Hamid Reza and Blaschke, Thomas},
	year = {2019},
	month = {09},
	date = {2019-09-30},
	journal = {Water},
	pages = {2049},
	volume = {11},
	number = {10},
	doi = {10.3390/w11102049},
	url = {https://www.mdpi.com/2073-4441/11/10/2049},
	langid = {en}
}

@article{chen2020,
	title = {Emergency rescue capability evaluation on urban fire stations in China},
	author = {Chen, Mengmeng and Wang, Kai and Dong, Xiangluan and Li, Haili},
	year = {2020},
	month = {03},
	date = {2020-03},
	journal = {Process Safety and Environmental Protection},
	pages = {59--69},
	volume = {135},
	doi = {10.1016/j.psep.2019.12.028},
	url = {https://linkinghub.elsevier.com/retrieve/pii/S0957582019313400},
	langid = {en}
}

@article{li2019,
	title = {Semantic Segmentation-Based Building Footprint Extraction Using Very High-Resolution Satellite Images and Multi-Source GIS Data},
	author = {Li, Weijia and He, Conghui and Fang, Jiarui and Zheng, Juepeng and Fu, Haohuan and Yu, Le},
	year = {2019},
	month = {02},
	date = {2019-02-16},
	journal = {Remote Sensing},
	pages = {403},
	volume = {11},
	number = {4},
	doi = {10.3390/rs11040403},
	url = {https://www.mdpi.com/2072-4292/11/4/403},
	langid = {en}
}

@article{sidiq2021,
	title = {Land Subsidence of Java North Coast Observed by SAR Interferometry},
	author = {Sidiq, T P and Gumilar, I and Meilano, I and Abidin, H Z and Andreas, H and Permana, A},
	year = {2021},
	month = {10},
	date = {2021-10-01},
	journal = {IOP Conference Series: Earth and Environmental Science},
	pages = {012078},
	volume = {873},
	number = {1},
	doi = {10.1088/1755-1315/873/1/012078},
	url = {https://iopscience.iop.org/article/10.1088/1755-1315/873/1/012078},
	langid = {en}
}

@article{tsuji2009,
	title = {Earthquake fault of the 26 May 2006 Yogyakarta earthquake observed by SAR interferometry},
	author = {Tsuji, Takeshi and Yamamoto, Katsuya and Matsuoka, Toshifumi and Yamada, Yasuhiro and Onishi, Kyosuke and Bahar, Alfian and Meilano, Irwan and Abidin, Hasanuddin Z.},
	year = {2009},
	month = {07},
	date = {2009-07},
	journal = {Earth, Planets and Space},
	pages = {e29--e32},
	volume = {61},
	number = {7},
	doi = {10.1186/BF03353189},
	url = {https://earth-planets-space.springeropen.com/articles/10.1186/BF03353189},
	langid = {en}
}

@article{naranjo2023,
	title = {Application of a temporal decorrelation model using Sentinel-1 SAR data to Detect volcanic ash deposits related to the 2020 Taal volcano eruption},
	author = {Naranjo, Camilo and Euillades, Pablo and Toyos, Guillermo and Euillades, Leonardo and Villarosa, Gustavo},
	year = {2023},
	month = {08},
	date = {2023-08},
	journal = {Remote Sensing Applications: Society and Environment},
	pages = {100991},
	volume = {31},
	doi = {10.1016/j.rsase.2023.100991},
	url = {https://linkinghub.elsevier.com/retrieve/pii/S2352938523000733},
	langid = {en}
}
